@misc{GitHubRepo,
	author = {Sara Braidotti and Chiara Iorio and
Matteo Pani and Cristian Sapia},
	title = {DDoS Attacks Detection and Characterization (source code)},
	howpublished = {\url{https://github.com/iochia02/ML4N_project/}},
	year = {2025},
	note = {},
}

@misc{CourseMaterial,
	author = {Luca Vassio and Gabriele Ciravegna and
Zhihao Wang and Tailai Song},
	title = {Course Material},
	howpublished = {},
	year = {2024},
	note = {},
}

@misc{numpyNumPyReference,
	author = {NumPy Developers},
	title = {{N}um{P}y reference; {N}um{P}y v2.2 {M}anual --- numpy.org},
	howpublished = {\url{https://numpy.org/doc/stable/reference/}},
	year = {2024},
	note = {},
}

@misc{pydataReferencex2014,
	author = {Pandas Developers},
	title = {{A}{P}{I} reference; pandas 2.2.3 documentation --- pandas.pydata.org},
	howpublished = {\url{https://pandas.pydata.org/docs/reference/index.html}},
	year = {2024},
	note = {},
}

@misc{scikitlearnSklearn,
	author = {scikit-learn developers},
	title = {sklearn --- scikit-learn.org},
	howpublished = {\url{https://scikit-learn.org/stable/api/sklearn.html}},
	year = {2024},
	note = {},
}

@misc{kantschantsCompleteGuide,
	author = {Utkarsh Kant},
	title = {{C}omplete {G}uide to {C}ategorical {F}eatures {E}ncoding {G}uide --- kantschants.com},
	howpublished = {\url{https://kantschants.com/complete-guide-to-encoding-categorical-features}},
	year = {2024},
	note = {},
}

@misc{mohammedalaniHandlingAddresses,
	author = {{M}ohammed {M}. {A}lani},
	title = {{H}andling {I}{P} {A}ddresses in {M}achine {L}earning {D}atasets},
	howpublished = {\url{https://www.mohammedalani.com/tutorials/handling-ip-addresses-in-machine-learning-datasets/}},
	year = {2024},
	note = {},
}

@misc{towardsdatasciencePerformanceMetrics,
	author = {Eugenio "Jay" Zuccarelli},
	title = {{P}erformance {M}etrics in {M}achine {L}earning â€” {P}art 3: {C}lustering},
	howpublished = {\url{https://towardsdatascience.com/performance-metrics-in-machine-learning-part-3-clustering-d69550662dc6?gi=57c437b7e456}},
	year = {2021},
	note = {},
}

@misc{towardsdatascienceTSNEClearly,
	author = {Kemal Erdem (burnpiro)},
	title = {t-{S}{N}{E} clearly explained --- towardsdatascience.com},
	howpublished = {\url{https://towardsdatascience.com/t-sne-clearly-explained-d84c537f53a?gi=3e26dc9f50b7}},
	year = {2020},
	note = {},
}

@misc{cobaltIntroductionLDAP,
	author = {},
	title = {{I}ntroduction to {L}{D}{A}{P} {I}njection {A}ttack --- cobalt.io},
	howpublished = {\url{https://www.cobalt.io/blog/introduction-to-ldap-injection-attack#:~:text=Denial%2Dof%2DService%20(DOS,to%20crash%20or%20become%20unresponsive.)}},
	year = {2023},
	note = {},
}

@misc{SSDPDDoSAttack,
	author = {Cloudflare, Inc},
	title = {{S}{S}{D}{P} {D}{D}o{S} attack},
	howpublished = {\url{https://www.cloudflare.com/it-it/learning/ddos/ssdp-ddos-attack/}},
	year = {2025},
	note = {},
}

@misc{SYNFloodAttack,
	author = {Cloudflare, Inc},
	title = {{S}{Y}{N} {F}lood attack},
	howpublished = {\url{https://www.cloudflare.com/it-it/learning/ddos/ssdp-ddos-attack/}},
	year = {2025},
	note = {},
}

@misc{UDPFloodDDoS,
	author = {Akamai Technologies},
	title = {{U}{D}{P} {F}lood {D}{D}o{S}},
	howpublished = {\url{https://www.akamai.com/glossary/what-is-udp-flood-ddos-attack#:~:text=UDP%20flood%20is%20a%20type,require%20few%20resources%20to%20execute.}},
	year = {2025},
	note = {},
}

@misc{unbDDoS2019,
	author = {Iman Sharafaldin and Arash Habibi Lashkari and Saqib Hakak and Ali A. Ghorbani},
	title = {{D}{D}o{S} 2019},
	howpublished = {\url{https://www.unb.ca/cic/datasets/ddos-2019.html}},
	year = {2019},
	note = {},
}